%% Created using Papers on Wed, 20 Jun 2018.
%% http://papersapp.com/papers/

@article{Jezequel:2008ik,
author = {Jezequel, Jean-Marc},
title = {{Model driven design and aspect weaving}},
journal = {Software and Systems Modeling},
year = {2008},
volume = {7},
number = {2},
pages = {209--218}
}

@article{gclaudia:2017wn,
author = {{gclaudia}},
title = {{Best Practices for DSLs and Model- Driven Development}},
year = {2017},
pages = {1--24},
month = feb
}

@article{Hu:2016ep,
author = {Hu, Fei and 0004, Yu Lu and Vasilakos, Athanasios V and Hao, Qi and Ma, Rui and Patil, Yogendra and Zhang, Ting and Lu, Jiang and Li, Xin and Xiong, Neal N},
title = {{Robust Cyber-Physical Systems - Concept, models, and implementation.}},
journal = {Future Generation Comp. Syst.},
year = {2016},
volume = {56},
pages = {449--475}
}

@article{Harb:2016cd,
author = {Harb, N and Valderrama, C and Pel{\'a}ez, E},
title = {{FPGA hardware in the loop system for ERTMS-ETCS train equipment testing}},
journal = {{\ldots} Systems (SIES)},
year = {2016}
}

@article{Hoisl:2014wv,
author = {Hoisl, Bernhard and Hu, Zhenjiang and Hidaka, Soichiro},
title = {{Towards Co-evolution in Model-Driven Development Via Bidirectional Higher-Order Transformation.}},
journal = {MODELSWARD},
year = {2014}
}

@article{Bao:2017fw,
author = {Bao, Yongxiang and Chen, Mingsong and Zhu, Qi and Wei, Tongquan and Mallet, Fr{\'e}d{\'e}ric and Zhou, Tingliang},
title = {{Quantitative Performance Evaluation of Uncertainty-Aware Hybrid AADL Designs Using Statistical Model Checking}},
journal = {IEEE Transactions on Computer-Aided Design of Integrated Circuits and Systems},
year = {2017},
volume = {PP},
number = {99},
pages = {1--1}
}

@article{Du:2016uo,
author = {Du, D and Huang, P and Jiang, K and Mallet, F and Yang, M},
title = {{MARTE/pCCSL: Modeling and Refining Stochastic Behaviors of CPSs with Probabilistic Logical Clocks}},
journal = {International Workshop on Formal Aspects of Component Software. Springer, Cham, },
year = {2016}
}

@article{Volter:2009wn,
author = {V{\"o}lter, M},
title = {{Best practices for DSLs and model-driven development}},
journal = {Journal of Object Technology},
year = {2009}
}

@article{Liu:2004el,
author = {Liu, Jing and 0001, Zhiming Liu and He, Jifeng and Li, Xiaoshan},
title = {{Linking UML Models of Design and Requirement.}},
journal = {Australian Software Engineering Conference},
year = {2004},
pages = {329--338}
}

@article{Lin:2017fc,
author = {Lin, Trista and Rivano, Herv{\'e} and Le Mou{\"e}l, Fr{\'e}d{\'e}ric},
title = {{A Survey of Smart Parking Solutions}},
journal = {IEEE Transactions on Intelligent Transportation Systems},
year = {2017},
volume = {PP},
number = {99},
pages = {1--25}
}

@article{Lugou:2017ca,
author = {Lugou, Florian and Apvrille, Ludovic and Francillon, Aur{\'e}lien},
title = {{SMASHUP - a toolchain for unified verification of hardware/software co-designs.}},
journal = {J. Cryptographic Engineering},
year = {2017},
volume = {7},
number = {1},
pages = {63--74}
}

@inproceedings{behjati2011extending,
author = {Behjati, Razieh and Yue, Tao and Nejati, Shiva and Briand, Lionel and Selic, Bran},
title = {{Extending SysML with AADL concepts for comprehensive system architecture modeling}},
booktitle = {European Conference on Modelling Foundations and Applications},
year = {2011},
pages = {236--252},
organization = {Springer}
}

@book{Djukic:2016gp,
author = {Djuki{\'c}, Verislav and Popovi{\'c}, Aleksandar and Tolvanen, Juha-Pekka},
title = {{Domain-Specific Modeling for Robotics: From Language Construction to Ready-made Controllers and End-user Applications}},
publisher = {ACM},
year = {2016},
series = {From Language Construction to Ready-made Controllers and End-user Applications},
address = {New York, New York, USA},
month = jul
}

@article{Anonymous:tcIkj43y,
author = {Pakin, Scott},
title = {{Good things come in little packages: An introduction to writing .ins and .dtx files}},
year = {2016},
pages = {1--10},
month = dec
}

@inproceedings{7575852,
author = {Kim, H and Wasicek, A and Mehne, B and Lee, E A},
title = {{A Secure Network Architecture for the Internet of Things Based on Local Authorization Entities}},
booktitle = {2016 IEEE 4th International Conference on Future Internet of Things and Cloud (FiCloud)},
year = {2016},
pages = {114--122},
publisher = {IEEE},
month = aug
}

@article{Bajaj:2017wd,
author = {Bajaj, M and Backhaus, J and Walden, T and Waikar, M and Engineer, I},
title = {{Graph-Based Digital Blueprint for Model Based Engineering of Complex Systems}},
year = {2017}
}

@article{Anonymous:Kph7AXVr,
title = {{A Tutorial on TTool/DIPLODOCUS: an Open-source Toolkit for the Design of Data-flow Embedded Systems}},
year = {2017},
pages = {1--93},
month = feb
}

@booklet{Committee:IIRMib4b,
title = {{IEC 60812, Analysis Techniques for System Reliability-Procedure for Failure Mode and Effects Analysis (FMEA)}},
author = {Committee, IEC 60812 Technical},
year = {2006}
}

@article{Dujovne:2014bw,
author = {Dujovne, Diego and Watteyne, Thomas and Vilajosana, Xavier and Thubert, Pascal},
title = {{6TiSCH: deterministic IP-enabled industrial internet (of things)}},
journal = {IEEE Communications {\ldots}},
year = {2014},
volume = {52},
number = {12},
pages = {36--41}
}

@book{Jurjens:2008dk,
author = {J{\"u}rjens, Jan and Schreck, Joerg and Bartmann, Peter},
title = {{Model-based security analysis for mobile communications}},
publisher = {ACM},
year = {2008},
address = {New York,  USA},
month = may
}

@article{Neureiter:2016in,
author = {Neureiter, Christian and Engel, Dominik and Uslar, Mathias},
title = {{Domain Specific and Model Based Systems Engineering in the Smart Grid as Prerequesite for Security by Design}},
journal = {Electronics},
year = {2016},
volume = {5},
number = {2},
pages = {24},
month = jun
}

@article{Schafer:2016gn,
author = {Sch{\"a}fer, Michael and Bitsch, Friedemann and Wei{\ss}leder, Stephan and Wartenberg, Florian},
title = {{Challenges for MBSE and PLE for Legacy Product-Based System Environments.}},
journal = {CSDM},
year = {2016},
volume = {3},
number = {Chapter 1},
pages = {3--15}
}

@article{Roudier:tw,
author = {Roudier, Y and Idrees, M S and Apvrille, L},
title = {{Improved Security Requirements Engineering using Knowledge Representation}},
journal = {eurecom.fr
}
}

@article{Wu:2017wf,
author = {Wu, Feifei and Xue, Ying},
title = {{Innovations of bike sharing industry in China : A case study of Mobike{\textquoteright}s station-less bike sharing system}},
year = {2017}
}

@inproceedings{Apvrille:2016da,
author = {Apvrille, Ludovic and Li, Letitia and Roudier, Yves},
title = {{Model-Driven Engineering for Designing Safe and Secure Embedded Systems}},
booktitle = {2016 Architecture-Centric Virtual Integration (ACVI},
year = {2016},
pages = {4--7},
publisher = {IEEE}
}

@article{Kienzle:2016jn,
author = {Kienzle, J{\"o}rg and Collet, Philippe and Mussbacher, Gunter and Alam, Omar},
title = {{Delaying decisions in variable concern hierarchies}},
journal = {ACM SIGPLAN Notices},
year = {2016},
volume = {52},
number = {3},
pages = {93--103},
month = oct
}

@article{Daliri:2011tt,
author = {Daliri, Z S and Shamshirb, S},
title = {{Railway security through the use of wireless sensor networks based on fuzzy logic}},
journal = {International Journal of {\ldots}},
year = {2011}
}

@book{Huang:2010hj,
author = {Huang, Huang-Ming and Tidwell, Terry and Gill, Christopher and Lu, Chenyang and Gao, Xiuyu and Dyke, Shirley},
title = {{Cyber-physical systems for real-time hybrid structural testing: a case study}},
publisher = {ACM},
year = {2010},
series = {a case study},
address = {New York, New York, USA},
month = apr
}

@article{Pajic:2014jd,
author = {Pajic, Miroslav and Mangharam, Rahul and Sokolsky, Oleg and Arney, David and Goldman, Julian and Lee, Insup},
title = {{Model-Driven Safety Analysis of Closed-Loop Medical Systems}},
journal = {IEEE Transactions on Industrial Informatics},
year = {2014},
volume = {10},
number = {1},
pages = {3--16}
}

@inproceedings{Yampolskiy:2012fb,
author = {Yampolskiy, Mark and Horvath, Peter and Koutsoukos, Xenofon D and Xue, Yuan and Sztipanovits, Janos},
title = {{Systematic analysis of cyber-attacks on CPS-evaluating applicability of DFD-based approach}},
booktitle = {2012 5th International Symposium on Resilient Control Systems (ISRCS)},
year = {2012},
pages = {55--62},
publisher = {IEEE}
}

@article{hudak2007developing,
author = {Hudak, John J and Feiler, Peter H},
title = {{Developing aadl models for control systems: A practitioner{\textquoteright}s guide}},
year = {2007}
}

@article{Liu:2017uw,
author = {Liu, Shixia and Wang, Xiting and Liu, Mengchen and Zhu, Jun},
title = {{Towards Better Analysis of Machine Learning Models: A Visual Analytics Perspective}},
journal = {arXiv.org},
year = {2017},
eprint = {1702.01226v1},
eprinttype = {arxiv},
eprintclass = {cs.LG},
month = feb,
annote = {This article will be published in Visual Infomatics}
}

@webpage{WEB:Miede:2011,
author = {Miede, Andr{\'e}},
title = {{A Classic Thesis Style by Andr{\'e} Miede}},
year = {2011},
url = {http://www.miede.de/index.php?page=classicthesis}
}

@article{Piriou:2017jk,
author = {Piriou, Pierre-Yves and Faure, Jean-Marc and Lesage, Jean-Jacques},
title = {{Generalized Boolean logic Driven Markov Processes - A powerful modeling framework for Model-Based Safety Analysis of dynamic repairable and reconfigurable systems.}},
journal = {Rel. Eng. {\&} Sys. Safety},
year = {2017},
volume = {163},
pages = {57--68}
}

@manual{Miede:2011,
title = {{A Classic Thesis Style: An Homage to The Elements of Typographic Style}},
author = {Miede, Andr{\'e}},
year = {2011}
}

@phdthesis{martinez2016mining,
author = {Martinez, Jabier},
title = {{Mining software artefact variants for product line migration and analysis}},
school = {Universit{\'e} Pierre et Marie Curie-Paris VI},
year = {2016}
}

@inproceedings{fleurey2007generic,
author = {Fleurey, Franck and Baudry, Benoit and France, Robert and Ghosh, Sudipto},
title = {{A generic approach for automatic model composition}},
booktitle = {International Conference on Model Driven Engineering Languages and Systems},
year = {2007},
pages = {7--15},
organization = {Springer}
}

@book{Kieseberg:2010ic,
author = {Kieseberg, Peter and Leithner, Manuel and Mulazzani, Martin and Munroe, Lindsay and Schrittwieser, Sebastian and Sinha, Mayank and Weippl, Edgar},
title = {{QR code security}},
publisher = {ACM},
year = {2010},
address = {New York, New York, USA},
month = nov
}

@article{lu2015security,
author = {Lu, Tianbo and Lin, Jiaxi and Zhao, Lingling and Li, Yang and Peng, Yong},
title = {{A Security Architecture in Cyber-Physical Systems: Security Theories, Analysis, Simulation and Application Fields}},
journal = {International Journal of Security and Its Applications},
year = {2015},
volume = {9},
number = {7},
pages = {1--16}
}

@inproceedings{Durmus:2009uo,
author = {Durmus, M S and Soylemez, M T},
title = {{Railway signalization and interlocking design via Automation Petri Nets}},
booktitle = {2009 7th Asian Control Conference},
year = {2009},
pages = {1558--1563},
publisher = {IEEE}
}

@article{Huhns:2005km,
author = {Huhns, Michael N and Singh, Munindar P},
title = {{Service-Oriented Computing - Key Concepts and Principles.}},
journal = {IEEE Internet Computing},
year = {2005},
volume = {9},
number = {1},
pages = {75--81}
}

@article{Degueule:2017if,
author = {Degueule, Thomas and Combemale, Beno{\^\i}t and Blouin, Arnaud and Barais, Olivier and Jezequel, Jean-Marc},
title = {{Safe model polymorphism for flexible modeling.}},
journal = {Computer Languages, Systems {\&} Structures},
year = {2017},
volume = {49},
pages = {176--195}
}

@webpage{Association:2017th,
author = {Association, European Computer Manufacturers},
title = {{ECMAScript Language Specification 8rd Edition}},
year = {2017},
month = oct,
url = {http://www.ecma-international.org/publications/files/ecma-st/ECMA-262.pdf}
}

@article{Lygeros:2003ik,
author = {Lygeros, J and Johansson, K H and Simic, S N},
title = {{Dynamical properties of hybrid automata}},
journal = {{\ldots} on automatic control},
year = {2003}
}

@article{Khan:cq,
author = {Khan, Muhammad Taimoor and Serpanos, Dimitrios and Shrobe, Howard},
title = {{ARMET: Behavior-Based Secure and Resilient Industrial Control Systems}},
journal = {Proceedings of the IEEE},
pages = {1--15}
}

@inproceedings{LI-MOD-2017,
author = {Li, L W and Lugou, F and Apvrille, L},
title = {{Security-Aware Modeling and Analysis for HW/SW Partitioning}},
booktitle = {5th International Conference on Model-Driven Engineering and Software Development (Modelsward)},
year = {2017},
address = {Porto, Portugal},
month = feb
}

@article{Zimmermann:hs,
author = {Zimmermann, A and Distributed, G Hommel Parallel and and {2003}},
title = {{A train control system case study in model-based real time system design}},
journal = {ieeexplore.ieee.org
}
}

@article{franzago2017collaborative,
author = {Franzago, Mirco and Di Ruscio, Davide and Malavolta, Ivano and Muccini, Henry},
title = {{Collaborative Model-Driven Software Engineering: a Classification Framework and a Research Map}},
journal = {IEEE Transactions on Software Engineering},
year = {2017}
}

@incollection{Muller:2005iy,
author = {Muller, Pierre-Alain and Fleurey, Franck and Jezequel, Jean-Marc},
title = {{Weaving Executability into Object-Oriented Meta-languages}},
booktitle = {Model Driven Engineering Languages and Systems},
year = {2005},
pages = {264--278},
publisher = {Springer, Berlin, Heidelberg},
address = {Berlin, Heidelberg},
month = oct
}

@article{Sabelfeld:2003bj,
author = {Sabelfeld, A and Myers, A C},
title = {{Language-based information-flow security}},
journal = {IEEE Journal on Selected Areas in Communications},
year = {2003},
volume = {21},
number = {1},
pages = {5--19},
month = jan
}

@inproceedings{degueule2015melange,
author = {Degueule, Thomas and Combemale, Beno{\^\i}t and Blouin, Arnaud and Barais, Olivier and Jezequel, Jean-Marc},
title = {{Melange: A meta-language for modular and reusable development of dsls}},
booktitle = {Proceedings of the 2015 ACM SIGPLAN International Conference on Software Language Engineering},
year = {2015},
pages = {25--36},
organization = {ACM},
publisher = {ACM}
}

@article{Erdweg:2012dz,
author = {Erdweg, Sebastian and Giarrusso, Paolo G and Rendel, Tillmann},
title = {{Language composition untangled.}},
journal = {LDTA},
year = {2012},
pages = {1--8}
}

@article{Lee:2015ex,
author = {Lee, Edward},
title = {{The Past, Present and Future of Cyber-Physical Systems: A Focus on Models}},
journal = {Sensors},
year = {2015},
volume = {15},
number = {3},
pages = {4837--4869},
month = feb
}

@article{Apvrille:2013ta,
author = {Apvrille, L and Roudier, Y},
title = {{SysML-sec: a sysML environment for the design and development of secure embedded systems}},
journal = {APCOSEC},
year = {2013}
}

@article{hu2015exploring,
author = {Hu, Kai and Zhang, Teng and Yang, Zhibin and Tsai, Wei-Tek},
title = {{Exploring AADL verification tool through model transformation}},
journal = {Journal of Systems Architecture},
year = {2015},
volume = {61},
number = {3-4},
pages = {141--156}
}

@article{DBLP:journals/corr/MeerPHBGSBLWMSN17,
author = {van der Meer, Arjen A and Palensky, Peter and Heussen, Kai and Bondy, Daniel Esteban Morales and Gehrke, Oliver and Steinbrink, Cornelius and Blank, Marita and Lehnhoff, Sebastian and Widl, Edmund and Moyo, Cyndi and Strasser, Thomas I and Van Hoa Nguyen and Akroud, Nabil and Syed, Mazheruddin H and Emhemed, Abdullah and Rohjans, Sebastian and Brandl, Ron and Khavari, Ata M},
title = {{Cyber-Physical Energy Systems Modeling, Test Specification, and Co-Simulation Based Testing}},
journal = {CoRR},
year = {2017},
volume = {abs/1705.00583}
}

@inproceedings{bezivin2005bridging,
author = {B{\'e}zivin, Jean and Hillairet, Guillaume and Jouault, Fr{\'e}d{\'e}ric and Kurtev, Ivan and Piers, William},
title = {{Bridging the ms/dsl tools and the eclipse modeling framework}},
booktitle = {Proceedings of the International Workshop on Software Factories at OOPSLA},
year = {2005},
pages = {1--19}
}

@book{Anonymous:2CT-x2JX,
title = {{Cyber-Physical System Design from an Architecture Analysis Viewpoint}}
}

@inproceedings{wang2017formal,
author = {Wang, Ting and Su, Qi and Chen, Tieming},
title = {{Formal Analysis of Security Properties of Cyber-Physical System Based on Timed Automata}},
booktitle = {Data Science in Cyberspace (DSC), 2017 IEEE Second International Conference on},
year = {2017},
pages = {534--540},
organization = {IEEE}
}

@article{Anonymous:Vis-Lsq_,
title = {{UCN@Sophia Ph.D. Proposal: Multi-Level Design for Cyber Physical Systems}},
year = {2016},
pages = {1--7},
month = sep
}

@inproceedings{Karban:2016fm,
author = {Karban, Robert and Dekens, Frank G and Herzig, Sebastian and Elaasar, Maged and Jankevi{\v c}ius, Nerijus},
title = {{Creating system engineering products with executable models in a model-based engineering environment}},
booktitle = {SPIE Astronomical Telescopes + Instrumentation},
year = {2016},
editor = {Angeli, George Z and Dierickx, Philippe},
pages = {99110B},
publisher = {SPIE},
month = jul
}

@inproceedings{dubey2017resilience,
author = {Dubey, Abhishek and Karsai, Gabor and Pradhan, Subhav},
title = {{Resilience at the edge in cyber-physical systems}},
booktitle = {Fog and Mobile Edge Computing (FMEC), 2017 Second International Conference on},
year = {2017},
pages = {139--146},
organization = {IEEE},
publisher = {IEEE}
}

@inproceedings{Rafeh:2010it,
author = {Rafeh, V},
title = {{Formal verification of attributed and typed graph transformation systems}},
booktitle = {2010 3rd International Conference on Advanced Computer Theory and Engineering (ICACTE 2010)},
year = {2010},
pages = {V2--540--V2--542},
publisher = {IEEE}
}

@article{Kienzle:2016iy,
author = {Kienzle, J{\"o}rg and Mussbacher, Gunter and Alam, Omar and Sch{\"o}ttle, Matthias and Belloir, Nicolas and Collet, Philippe and Combemale, Beno{\^\i}t and DeAntoni, Julien and Klein, Jacques and Rumpe, Bernhard},
title = {{VCU: The Three Dimensions of Reuse}},
journal = {International Conference on Software Reuse},
year = {2016},
volume = {9679},
number = {Chapter 9},
pages = {122--137},
month = jun
}

@inproceedings{zhao:hal-01669918,
author = {Zhao, Hui and Apvrille, Ludovic and Mallet, Fr{\'e}d{\'e}ric},
title = {{Multi-View Design for Cyber-Physical Systems}},
booktitle = {PhD Symposium at 13th International Conference on ICT in Education, Research, and Industrial Applications},
year = {2017},
pages = {22--28},
address = {Kiev, Ukraine},
month = may
}

@inproceedings{6601300,
author = {Szabo, C and Chen, Y},
title = {{A Model-Driven Approach for Ensuring Change Traceability and Multi-model Consistency}},
booktitle = {2013 22nd Australian Software Engineering Conference},
year = {2013},
pages = {127--136},
publisher = {IEEE},
month = jun
}

@phdthesis{clavreul:tel-00646893,
author = {Clavreul, Mickael},
title = {{Model and Metamodel Composition: Separation of Mapping and Interpretation for Unifying Existing Model Composition Techniques}},
school = {Universit{\'e} Rennes 1},
year = {2011},
month = dec
}

@article{Pasqualetti:2013ii,
author = {Pasqualetti, Fabio and Dorfler, Florian and Bullo, Francesco},
title = {{Attack Detection and Identification in Cyber-Physical Systems}},
journal = {IEEE Transactions on Automatic Control},
year = {2013},
volume = {58},
number = {11},
pages = {2715--2729}
}

@article{Wortmann:2017wf,
author = {Wortmann, Andreas and Combemale, Beno{\^\i}t and Barais, Olivier},
title = {{A Systematic Mapping Study on Modeling for Industry 4.0.}},
journal = {MoDELS},
year = {2017},
pages = {25}
}

@article{Combemale:2014fy,
author = {Combemale, Beno{\^\i}t and DeAntoni, Julien and Baudry, Benoit and France, Robert B and Jezequel, Jean-Marc and Gray, Jeff},
title = {{Globalizing Modeling Languages}},
journal = {Computer},
year = {2014},
volume = {47},
number = {6},
pages = {68--71}
}

@article{Lugou:tq,
author = {Lugou, F and Li, L W and Apvrille, L and Ameur-Boulifa, R},
title = {{SysML Models and Model Transformation for Security}},
journal = {perso.telecom-paristech.fr
}
}

@inproceedings{VaraLarsen:2015gh,
author = {Vara Larsen, Matias Ezequiel and DeAntoni, Julien and Combemale, Beno{\^\i}t and Mallet, Fr{\'e}d{\'e}ric},
title = {{A Behavioral Coordination Operator Language (BCOoL)}},
booktitle = {2015 ACM/IEEE 18th International Conference on Model Driven Engineering Languages and Systems (MODELS)},
year = {2015},
pages = {186--195},
publisher = {IEEE}
}

@inproceedings{Borek:2013gg,
author = {Borek, Marian and Moebius, Nina and Stenzel, Kurt and Reif, Wolfgang},
title = {{Security requirements formalized with OCL in a model-driven approach}},
booktitle = {2013 International Model-Driven Requirements Engineering Workshop (MoDRE)},
year = {2013},
pages = {65--73},
publisher = {IEEE}
}

@incollection{Mallet:2017kz,
author = {Mallet, Fr{\'e}d{\'e}ric and Villar, Eugenio and Herrera, Fernando},
title = {{MARTE for CPS and CPSoS}},
booktitle = {Cyber-Physical System Design from an Architecture Analysis Viewpoint},
year = {2017},
pages = {81--108},
publisher = {Springer, Singapore},
address = {Singapore}
}

@article{Karsai:2003ub,
author = {Karsai, Gabor and Sztipanovits, Janos and L{\'e}deczi, {\'A}kos and Bapty, Ted},
title = {{Model-integrated development of embedded software.}},
journal = {Proceedings of the IEEE},
year = {2003}
}

@article{Thramboulidis:2016kw,
author = {Thramboulidis, Kleanthis and Christoulakis, Foivos},
title = {{UML4IoT{\textemdash}A UML-based approach to exploit IoT in cyber-physical manufacturing systems}},
journal = {Computers in Industry},
year = {2016},
volume = {82},
pages = {259--272},
month = oct
}

@article{zhao2012train,
author = {Zhao, Shuxu and Wang, Xiaoming},
title = {{Train control system formalization modeling oriented movement authority}},
journal = {Indonesian Journal of Electrical Engineering and Computer Science},
year = {2012},
volume = {10},
number = {5},
pages = {992--998},
annote = {https://wenku.baidu.com/view/d7ed787b1711cc7931b716f8.html

https://wenku.baidu.com/view/70e746b3910ef12d2af9e7b6.html}
}

@book{Jurgens:1995,
author = {J{\"u}rgens, Manuela},
title = {{LaTeX: Fortgeschrittene Anwendungen}},
publisher = {FernUniversit{\"a}t Gesamthochschule in Hagen},
year = {1995}
}

@article{Dong:wi,
author = {Dong, Peiyuan and Han, Yue and Guo, Xiaobo and Xie, Feng},
title = {{A Systematic Review of Studies on Cyber Physical System Security}},
journal = {International Journal of Security and Its Applications},
volume = {9},
number = {1},
pages = {155--164}
}

@article{Roudier:2013ey,
author = {Roudier, Yves and Idrees, Muhammad Sabir and Apvrille, Ludovic},
title = {{Towards the model-driven engineering of security requirements for embedded systems.}},
journal = {MoDRE},
year = {2013},
pages = {55--64}
}

@article{White:2011vz,
author = {OMG},
title = {{UML profile for MARTE: modeling and analysis of real-time embedded systems}},
year = {2011},
pages = {1--754},
month = jun
}

@misc{Group:2017vva,
title = {{OMG Systems Modeling Language}},
author = {Group, Object Management},
month = may,
year = {2017}
}

@inproceedings{Hatzivasilis:2017fs,
author = {Hatzivasilis, George and Papaefstathiou, Ioannis and Manifavas, Charalampos},
title = {{Real-time management of railway CPS secure administration of IoT and CPS infrastructure}},
booktitle = {2017 6th Mediterranean Conference on Embedded Computing (MECO)},
year = {2017},
pages = {1--4},
publisher = {IEEE}
}

@article{Liu:2012ib,
author = {Liu, Ziwei and Liu, Jing and He, Jifeng and Ding, Zuohua},
title = {{Spatio-temporal UML Statechart for Cyber-Physical Systems.}},
journal = {ICECCS},
year = {2012}
}

@misc{Group:2014wm,
title = {{Object Constraint Language}},
author = {Group, Object Management},
month = mar,
year = {2014}
}

@inproceedings{8004345,
author = {Yang, G and Zhou, X and Lian, Y},
title = {{Constraint-Based Consistency Checking for Multi-View Models of Cyber-Physical System}},
booktitle = {2017 IEEE International Conference on Software Quality, Reliability and Security Companion (QRS-C)},
year = {2017},
pages = {370--376},
publisher = {IEEE},
month = jul
}

@article{Zhang:2014cp,
author = {Zhang, L},
title = {{Modeling large scale complex cyber physical control systems based on system of systems engineering approach}},
journal = {Automation and Computing (ICAC)},
year = {2014}
}

@book{Zimmer:2010kn,
author = {Zimmer, Christopher and Bhat, Balasubramanya and Mueller, Frank and Mohan, Sibin},
title = {{Time-based intrusion detection in cyber-physical systems}},
publisher = {ACM},
year = {2010},
address = {New York, New York, USA},
month = apr
}

@article{Mallet:2012gx,
author = {Mallet, F},
title = {{Automatic generation of observers from MARTE/CCSL}},
journal = {Rapid System Prototyping (RSP)},
year = {2012}
}

@phdthesis{Anonymous:xp8pIjw6,
author = {Larsen, Matias Ezequiel Vara},
title = {{B-COoL: Un Metalangage pour la Sp ́ecification des Op ́erateurs de Coordination des Langages 
}},
school = {SCITEPRESS - Science and Technology Publications},
year = {2018},
month = jan
}

@article{Cardenas:2008wv,
author = {C{\'a}rdenas, A A and Amin, S and Sastry, S},
title = {{Research Challenges for the Security of Control Systems.}},
journal = {HotSec},
year = {2008}
}

@article{bloewy:2017um,
author = {{bloewy}},
title = {{Fault Tree Analysis (FTA): Concepts and Applications}},
year = {2017},
pages = {1--194},
month = jan
}

@article{Stewart:2016vf,
author = {Stewart, Russell and Ermon, Stefano},
title = {{Label-Free Supervision of Neural Networks with Physics and Domain Knowledge}},
journal = {arXiv.org},
year = {2016},
eprint = {1609.05566v1},
eprinttype = {arxiv},
eprintclass = {cs.AI},
month = sep
}

@inproceedings{Khan:2016ku,
author = {Khan, Aamir M and Mallet, Fr{\'e}d{\'e}ric and Rashid, Muhammad},
title = {{Combining SysML and Marte/CCSL to Model Complex Electronic Systems}},
booktitle = {2016 International Conference on Information Systems Engineering (ICISE)},
year = {2016},
pages = {12--17},
publisher = {IEEE}
}

@article{nurseitov2009comparison,
author = {Nurseitov, Nurzhan and Paulson, Michael and Reynolds, Randall and Izurieta, Clemente},
title = {{Comparison of JSON and XML data interchange formats: a case study.}},
journal = {Caine},
year = {2009},
volume = {2009},
pages = {157--162}
}

@inproceedings{Shi:2011kw,
author = {Shi, Jianhua and Wan, Jiafu and Yan, Hehua and Suo, Hui},
title = {{A survey of Cyber-Physical Systems}},
booktitle = {Signal Processing (WCSP 2011)},
year = {2011},
pages = {1--6},
publisher = {IEEE}
}

@inproceedings{Aziz:2016gc,
author = {Aziz, Muhammad Waqar and Rashid, Muhammad},
title = {{Domain Specific Modeling Language for Cyber Physical Systems}},
booktitle = {2016 International Conference on Information Systems Engineering (ICISE)},
year = {2016},
pages = {29--33},
publisher = {IEEE}
}

@inproceedings{Lugou:2016tq,
author = {Lugou, Florian and Li, Letitia W and Apvrille, Ludovic and Ameur-Boulifa, Rab{\'e}a},
title = {{SysML models and model transformation for security}},
booktitle = {2016 4th International Conference on Model-Driven Engineering and Software Development (MODELSWARD},
year = {2016},
pages = {331--338},
publisher = {IEEE}
}

@article{Ashibani:2017cp,
author = {Ashibani, Yosef and Mahmoud, Qusay H},
title = {{Cyber physical systems security: Analysis, challenges and solutions}},
journal = {Computers {\&} Security},
year = {2017},
volume = {68},
pages = {81--97},
month = jul
}

@article{Banerjee:hn,
author = {Banerjee, Ayan and Venkatasubramanian, Krishna K and Mukherjee, Tridib and Gupta, Sandeep Kumar S},
title = {{Ensuring Safety, Security, and Sustainability of Mission-Critical Cyber{\textendash}Physical Systems}},
journal = {Proceedings of the IEEE},
volume = {100},
number = {1},
pages = {283--299}
}

@article{1173205,
author = {Karsai, G and Sztipanovits, J and Ledeczi, A and Bapty, T},
title = {{Model-integrated development of embedded software}},
journal = {Proceedings of the IEEE},
year = {2003},
volume = {91},
number = {1},
pages = {145--164},
month = jan
}

@article{Kern:wr,
author = {Kern, H and Stefan, F and on, V Dimitrieski IADIS International Journal and {2015}},
title = {{Intelligent and self-adapting integration between machines and information systems}},
journal = {researchgate.net
}
}

@book{Apple:keynote:2010,
author = {{Apple Inc.}},
title = {{Keynote '09 User Guide}},
publisher = {Apple Inc.},
year = {2010}
}

@book{DBLP:books/daglib/0015258,
author = {J{\"u}rjens, Jan},
title = {{Secure systems development with UML}},
publisher = {Springer},
year = {2005},
address = {Berlin/Heidelberg}
}

@inproceedings{Kienzle:2009:AMM:1509239.1509252,
author = {Kienzle, J{\"o}rg and Al Abed, Wisam and Klein, Jacques},
title = {{Aspect-oriented Multi-view Modeling}},
booktitle = {Proceedings of the 8th ACM International Conference on Aspect-oriented Software Development},
year = {2009},
pages = {87--98},
publisher = {ACM},
address = {New York, NY, USA}
}

@book{Anonymous:WWB0d4c7,
title = {{Generative and transformational techniques in software engineering}}
}

@inproceedings{Eichler:2012je,
author = {Eichler, Jorn and Fuchs, Andreas and Lincke, Nico},
title = {{Supporting Security Engineering at Design Time with Adequate Tooling}},
booktitle = {2012 IEEE 15th International Conference on Computational Science and Engineering (CSE)},
year = {2012},
pages = {194--201},
publisher = {IEEE}
}

@article{akkaya2016systems,
author = {Akkaya, Ilge and Derler, Patricia and Emoto, Shuhei and Lee, Edward A},
title = {{Systems engineering for industrial cyber--physical systems using aspects}},
journal = {Proceedings of the IEEE},
year = {2016},
volume = {104},
number = {5},
pages = {997--1012}
}

@inproceedings{Jouault:2010dr,
author = {Jouault, Fr{\'e}d{\'e}ric and Vanhooff, Bert and Bruneliere, Hugo and Doux, Guillaume and Berbers, Yolande and B{\'e}zivin, Jean},
title = {{Inter-DSL coordination support by combining megamodeling and model weaving}},
booktitle = {the 2010 ACM Symposium},
year = {2010},
pages = {2011--2018},
publisher = {ACM Press},
address = {New York, New York, USA}
}

@article{5995279,
author = {Derler, P and Lee, E A and Vincentelli, A Sangiovanni},
title = {{Modeling Cyber{\textendash}Physical Systems 
}},
journal = {Proceedings of the IEEE},
year = {2012},
volume = {100},
number = {1},
pages = {13--28},
month = jan
}

@phdthesis{combemale2015towards,
author = {Combemale, Beno{\^\i}t},
title = {{Towards Language-Oriented Modeling}},
school = {Universit{\'e} de Rennes 1},
year = {2015}
}

@article{Moon:2017wk,
author = {Moon, Jae-geun and Jung, Im Y and Yoo, Jaesoo},
title = {{Security Enhancement of Wireless Sensor Networks Using Signal Intervals.}},
journal = {Sensors},
year = {2017}
}

@inproceedings{Ruiz:2014bn,
author = {Ruiz, Jose Fran and Rudolph, Carsten and Mana, Antonio and Arjona, Marcos},
title = {{A security engineering process for systems of systems using security patterns}},
booktitle = {2014 8th Annual IEEE Systems Conference (SysCon)},
year = {2014},
pages = {8--11},
publisher = {IEEE}
}

@article{Larsen:2009ew,
author = {Larsen, Kim G},
title = {{Priced Timed Automata - Theory and Tools.}},
journal = {FSTTCS},
year = {2009}
}

@phdthesis{Lugou:2018wz,
author = {Lugou, Florian},
title = {{Environments for analyzing the security of smart objects}},
year = {2018},
month = feb
}

@inproceedings{Persson:2013:CIM:2555754.2555764,
author = {Persson, Magnus and T o rngren, Martin and Qamar, Ahsan and Westman, Jonas and Biehl, Matthias and Tripakis, Stavros and Vangheluwe, Hans and Denil, Joachim},
title = {{A Characterization of Integrated Multi-view Modeling in the Context of Embedded and Cyber-physical Systems}},
booktitle = {Proceedings of the Eleventh ACM International Conference on Embedded Software},
year = {2013},
pages = {10:1--10:10},
publisher = {IEEE Press},
address = {Piscataway, NJ, USA}
}

@article{zhu2017modelling,
author = {Zhu, Xiao-min and Xiang, Xi and Zhang, Run-tong and Chen, Dong-hua},
title = {{Modelling and simulation for automatic train protection systems using an integrated algorithm}},
journal = {International journal of heavy vehicle systems},
year = {2017},
volume = {24},
number = {2},
pages = {140--157}
}

@article{Fleurey:2007jf,
author = {Fleurey, Franck and Baudry, Benoit and France, Robert B and Ghosh, Sudipto},
title = {{A Generic Approach for Automatic Model Composition.}},
journal = {MoDELS Workshops},
year = {2007},
volume = {5002},
number = {Chapter 2},
pages = {7--15}
}

@article{Reddy:2006cd,
author = {Reddy, Y Raghu and Ghosh, Sudipto and France, Robert B and Straw, Greg and Bieman, James M and McEachen, N and Song, Eunjee and Georg, Geri},
title = {{Directives for Composing Aspect-Oriented Design Class Models.}},
journal = {Trans. Aspect-Oriented Software Development I},
year = {2006},
volume = {3880},
number = {6},
pages = {75--105}
}

@article{Larsen:2015wd,
author = {Larsen, Matias Ezequiel Vara and DeAntoni, Julien and Combemale, Beno{\^\i}t and Mallet, Fr{\'e}d{\'e}ric},
title = {{A Model-Driven Based Environment for Automatic Model Coordination.}},
journal = {P{\&}D@MoDELS},
year = {2015}
}

@article{Anonymous:jCwH8dbJ,
author = {Sys, Holly},
title = {{SIGNALLING SIGNALLING}},
year = {2017},
pages = {1--2},
month = feb
}

@article{Lima:2016ir,
author = {Lima, Antonio and Rocha, Francisco and V{\"o}lp, Marcus and Ver{\'\i}ssimo, Paulo Jorge Esteves},
title = {{Towards Safe and Secure Autonomous and Cooperative Vehicle Ecosystems.}},
journal = {CPS-SPC@CCS},
year = {2016},
pages = {59--70}
}

@article{Trappe:2015vd,
author = {Trappe, Wade and Howard, Richard E and Moore, Robert S},
title = {{Low-Energy Security - Limits and Opportunities in the Internet of Things.}},
journal = {IEEE Security {\&} Privacy},
year = {2015}
}

@inproceedings{Tsigkanos:2017:MVE:3106237.3106299,
author = {Tsigkanos, Christos and Kehrer, Timo and Ghezzi, Carlo},
title = {{Modeling and Verification of Evolving Cyber-physical Spaces}},
booktitle = {Proceedings of the 2017 11th Joint Meeting on Foundations of Software Engineering},
year = {2017},
pages = {38--48},
publisher = {ACM},
address = {New York, NY, USA}
}

@inproceedings{Genius:2017ds,
author = {Genius, Daniela and W Li, Letitia and Apvrille, Ludovic},
title = {{Model-Driven Performance Evaluation and Formal Verification for Multi-level Embedded System Design}},
booktitle = {5th International Conference on Model-Driven Engineering and Software Development},
year = {2017},
pages = {78--89},
publisher = {SCITEPRESS - Science and Technology Publications}
}

@incollection{DiNatale:2014ba,
author = {Di Natale, Marco and Chirico, Francesco and Sindico, Andrea and Sangiovanni-Vincentelli, Alberto},
title = {{An MDA Approach for the Generation of Communication Adapters Integrating SW and FW Components from Simulink}},
booktitle = {Model-Driven Engineering Languages and Systems},
year = {2014},
pages = {353--369},
publisher = {Springer, Cham},
address = {Cham},
month = sep
}

@article{Humayed:2017tu,
author = {Humayed, Abdulmalik and Lin, Jingqiang and Li, Fengjun and Luo, Bo},
title = {{Cyber-Physical Systems Security -- A Survey}},
journal = {arXiv.org},
year = {2017},
eprint = {1701.04525v1},
eprinttype = {arxiv},
eprintclass = {cs.CR},
month = jan
}

@article{Wang:gg,
author = {Wang, Junfeng and Wang, Jungang},
title = {{A New Early Warning Method of Train Tracking Interval Based on CTC}},
journal = {IEEE Transactions on Intelligent Transportation Systems},
pages = {1--7}
}

@book{Anonymous:vu0dTg3d,
title = {{Model-Driven Engineering Languages and Systems}}
}

@article{Launiainen:2011kj,
author = {Launiainen, T and Heljanko, K},
title = {{Efficient model checking of PSL safety properties}},
journal = {IET computers {\&} digital {\ldots}},
year = {2011}
}

@article{Ding:2017fl,
author = {Ding, Derui and Han, Qing-Long and Xiang, Yang and Ge, Xiaohua and Zhang, Xian-Ming},
title = {{A survey on security control and attack detection for industrial cyber-physical systems}},
journal = {Neurocomputing},
year = {2017},
month = oct
}

@article{ito2015systematic,
author = {Ito, Yurina and Washizaki, Hironori and Yoshizawa, Masatoshi and Fukazawa, Yoshiaki and Okubo, Takao and Kaiya, Haruhiko and Hazeyama, Atsuo and Yoshioka, Nobukazu and Fernandez, Eduardo B},
title = {{Systematic mapping of security patterns research}},
journal = {Pattern Languages of Programs (PLoP)},
year = {2015}
}

@article{Huang:un,
author = {Huang, Y and Yang, Z and Information, S Xiong National Conference on and {2012}},
title = {{Design and Implementation of A Bicycle Parking System Based on Internet-of-things}},
journal = {atlantis-press.com
}
}

@article{Li:2016vq,
author = {Li, L and Apvrille, L and Genius, D},
title = {{Virtual Prototyping of Automotive Systems: Towards Multi-level Design Space Exploration}},
journal = {Conference on Design {\&} Architectures for Signal {\&} Image Processing (DASIP'2016)},
year = {2016}
}

@book{Apple:numbers:2010,
author = {{Apple Inc.}},
title = {{Numbers '09 User Guide}},
publisher = {Apple Inc.},
year = {2010}
}

@article{Mallet:2015bi,
author = {Mallet, Fr{\'e}d{\'e}ric and de Simone, Robert},
title = {{Correctness issues on MARTE/CCSL constraints}},
journal = {Science of Computer Programming},
year = {2015},
volume = {106},
pages = {78--92},
month = aug
}

@proceedings{Musa:2016wa,
title = {{Lecture review}},
year = {2016},
month = oct
}

@article{Zhang:2013vd,
author = {Zhang, Lichen},
title = {{Multi-view approach to model aerospace cyber-physical systems.}},
journal = {ICAC},
year = {2013}
}

@article{Kahani:wh,
author = {Kahani, N and 2015-627, JR Cordy Technical Report and {2015}},
title = {{Comparison and evaluation of model transformation tools}},
journal = {pdfs.semanticscholar.org
}
}

@proceedings{dell:2016bo,
title = {{多处理器UPPAALcwyg验证}},
year = {2016},
month = oct
}

@article{ergin2016design,
author = {Ergin, H{\"u}seyin and Syriani, Eugene and Gray, Jeff},
title = {{Design pattern oriented development of model transformations}},
journal = {Computer Languages, Systems {\&} Structures},
year = {2016},
volume = {46},
pages = {106--139}
}

@misc{Group:2015vv,
title = {{OMG Unified Modeling Language}},
author = {OMG},
month = apr,
year = {2015}
}

@incollection{bezivin2006model,
author = {B{\'e}zivin, Jean},
title = {{Model driven engineering: An emerging technical space}},
booktitle = {Generative and transformational techniques in software engineering},
year = {2006},
pages = {36--64},
publisher = {Springer}
}

@article{Gomez:2013uh,
author = {Gomez, Carlos and DeAntoni, Julien and Mallet, Fr{\'e}d{\'e}ric},
title = {{Power consumption analysis using multi-view modeling.}},
journal = {PATMOS},
year = {2013}
}

@article{Hahn:2013cf,
author = {Hahn, Adam and Ashok, Aditya and Sridhar, Siddharth and Govindarasu, Manimaran},
title = {{Cyber-Physical Security Testbeds: Architecture, Application, and Evaluation for Smart Grid}},
journal = {IEEE Transactions on Smart Grid},
year = {2013},
volume = {4},
number = {2},
pages = {847--855}
}

@article{:2015bm,
author = {Rohit Sinha and Rajamani, Sriram K and Seshia, Sanjit A and Vaswani, Kapil},
title = {{Moat - Verifying Confidentiality of Enclave Programs.}},
journal = {ACM Conference on Computer and Communications Security},
year = {2015},
pages = {1169--1184}
}

@techreport{feiler2007dependability,
author = {Feiler, Peter and Rugina, Ana},
title = {{Dependability modeling with the architecture analysis \{\&} design language (AADL)}},
year = {2007}
}

@inproceedings{FangLi:2013jo,
author = {Fang Li and Jiafu Wan and Ping Zhang and Di Li},
title = {{A multi-view integration modeling approach for cyber-physical robot system}},
booktitle = {2013 International Conference on Machine Learning and Cybernetics (ICMLC)},
year = {2013},
pages = {387--392},
publisher = {IEEE}
}

@article{Axelsson:2002gf,
author = {Axelsson, Jakob},
title = {{Model based systems engineering using a continuous-time extension of the Unified Modeling Language (UML)}},
journal = {Systems Engineering},
year = {2002},
volume = {5},
number = {3},
pages = {165--179},
month = jan
}

@inproceedings{DBLP:conf/modelsward/HoppeEVB17,
author = {Hoppe, Tobias and Eisenmann, Harald and Viehl, Alexander and Bringmann, Oliver},
title = {{SEMF - The Semantic Engineering Modeling Framework - Bringing Semantics into the Eclipse Modeling Framework for Space Systems Engineering}},
booktitle = {Proceedings of the 5th International Conference on Model-Driven Engineering and Software Development, MODELSWARD 2017, Porto, Portugal, February 19-21, 2017.},
year = {2017},
pages = {293--301},
publisher = {SCITEPRESS - Science and Technology Publications}
}

@techreport{JohnDHoward:1998fe,
author = {John D Howard and Thomas A Longstaff},
title = {{A common language for computer security incidents}},
institution = {Sandia National Laboratories (SNL), Albuquerque, NM, and Livermore, CA},
year = {1998},
month = oct
}

@book{Anonymous:hOix2Tla,
title = {{Graph transformations and model-driven engineering}}
}

@article{Anonymous:aEmc45af,
title = {{Model-Based Engineering with AADL}},
year = {2012}
}

@article{Ehrig:ew,
author = {Ehrig, H and Prange, U and transformations, G Taentzer Graph and {2004}},
title = {{Fundamental theory for typed attributed graph transformation}},
journal = {Springer
}
}

@article{Woo:2008gx,
author = {Woo, H and Yi, J and Browne, J C and Mok, A K},
title = {{Design and development methodology for resilient cyber-physical systems}},
journal = {{\ldots} },
year = {2008}
}

@inproceedings{Lee:gq,
author = {Lee, David A},
title = {{JXON: an Architecture for Schema and Annotation Driven JSON/XML Bidirectional Transformations}},
booktitle = {Balisage: The Markup Conference 2011},
publisher = {Mulberry Technologies, Inc.},
address = {Rockville, Maryland}
}

@inproceedings{blanchet2001efficient,
author = {Blanchet, Bruno},
title = {{An Efficient Cryptographic Protocol Verifier Based on Prolog Rules.}},
booktitle = {csfw},
year = {2001},
pages = {82--96}
}

@article{Shao:2013hv,
author = {Shao, Z and Liu, J and Ding, Z and Chen, M},
title = {{Spatio-temporal properties analysis for cyber-physical systems}},
journal = {Engineering of Complex {\ldots}},
year = {2013}
}

@article{IEC:2000te,
author = {IEC, International Electrotechnical Commission},
title = {{Functional safety of electrical/electronic/programmable electronic safety related systems}},
journal = {IEC 61508},
year = {2000}
}

@inproceedings{7323182,
author = {Roudier, Y and Apvrille, L},
title = {{SysML-Sec: A model driven approach for designing safe and secure systems}},
booktitle = {2015 3rd International Conference on Model-Driven Engineering and Software Development (MODELSWARD)},
year = {2015},
pages = {655--664},
month = feb
}

@book{Jouault:2006ft,
author = {Jouault, Fr{\'e}d{\'e}ric and Allilaire, Freddy and B{\'e}zivin, Jean and Kurtev, Ivan and Valduriez, Patrick},
title = {{ATL: a QVT-like transformation language}},
publisher = {ACM},
year = {2006},
series = {a QVT-like transformation language},
address = {New York, USA},
month = oct
}

@phdthesis{Shao:2013vt,
author = {Shao, Zhucheng},
title = {{信息物理系统时空逻辑研究thesis}},
year = {2013},
month = jun
}

@article{Watteyne:2017ec,
author = {Watteyne, T and Tuset-Peiro, P and Vilajosana, X},
title = {{Teaching Communication Technologies and Standards for the Industrial IoT? Use 6TiSCH!}},
journal = {IEEE {\ldots}},
year = {2017}
}

@webpage{WEB:GNU:GPL:2010,
author = {{Free Software Foundation, Inc.}},
title = {{GNU General Public License}},
year = {2010},
url = {http://www.gnu.org/licenses/gpl.html}
}

@article{Lee:2016:FLC:3015145.2912149,
author = {Lee, Edward A},
title = {{Fundamental Limits of Cyber-Physical Systems Modeling}},
journal = {ACM Trans. Cyber-Phys. Syst.},
year = {2016},
volume = {1},
number = {1},
pages = {3:1--3:26},
month = nov
}

@article{Busard:2015ew,
author = {Busard, Simon and Cappart, Quentin and Limbr{\'e}e, Christophe and Pecheur, Charles and Schaus, Pierre},
title = {{Verification of railway interlocking systems}},
journal = {Electronic Proceedings in Theoretical Computer Science},
year = {2015},
eprint = {1506.03554},
eprinttype = {arxiv},
eprintclass = {184},
pages = {19--31},
month = jun
}

@article{Anonymous:J3GhcWD9,
author = {school, summer},
title = {{Formal Modeling and Veri cation of Cyber-Physical Systems}},
year = {2017},
pages = {1--324},
month = jan
}

@inproceedings{Lee:2008bm,
author = {Lee, Edward A},
title = {{Cyber Physical Systems: Design Challenges}},
booktitle = {2008 11th IEEE International Symposium on Object and Component-Oriented Real-Time Distributed Computing},
year = {2008},
pages = {363--369},
publisher = {IEEE}
}

@inproceedings{Kang:2016cy,
author = {Kang, Eun-Young and Chen, Jianda and Ke, Liu and Chen, Shangyu},
title = {{Statistical analysis of energy-aware real-time automotive systems in EAST-ADL/Stateflow}},
booktitle = {2016 IEEE 11th Conference on Industrial Electronics and Applications (ICIEA)},
year = {2016},
pages = {1328--1333},
publisher = {IEEE}
}

@inproceedings{Correa:2010ds,
author = {Correa, T and Becker, L B and Farines, J M and Bodeveix, J P and Filali, M and Vernadat, F},
title = {{Supporting the Design of Safety Critical Systems Using AADL}},
booktitle = {2010 15th IEEE International Conference on Engineering of Complex Computer Systems (ICECCS)},
year = {2010},
pages = {331--336},
publisher = {IEEE}
}

@article{Xia:2016ua,
author = {Xia, Yingce and Di He and Qin, Tao and Wang, Liwei and Yu, Nenghai and Liu, Tie-Yan and Ma, Wei-Ying},
title = {{Dual Learning for Machine Translation}},
journal = {arXiv.org},
year = {2016},
eprint = {1611.00179v1},
eprinttype = {arxiv},
eprintclass = {cs.CL},
month = nov
}

@inproceedings{Bhave:2011:VCA:2007337.2007439,
author = {Bhave, Ajinkya and Krogh, Bruce H and Garlan, David and Schmerl, Bradley},
title = {{View Consistency in Architectures for Cyber-Physical Systems}},
booktitle = {Proceedings of the 2011 IEEE/ACM Second International Conference on Cyber-Physical Systems},
year = {2011},
pages = {151--160},
publisher = {IEEE Computer Society},
address = {Washington, DC, USA}
}

@article{hassan2017heterogeneous,
author = {Hassan, Mohamed},
title = {{Heterogeneous MPSoCs for Mixed Criticality Systems: Challenges and Opportunities}},
journal = {IEEE Design {\&} Test},
year = {2017}
}

@article{Nguyen:2017km,
author = {Nguyen, Phu H and Ali, Shaukat and Yue, Tao},
title = {{Model-based security engineering for cyber-physical systems: A systematic mapping study}},
journal = {Information and Software Technology},
year = {2017},
volume = {83},
pages = {116--135},
month = mar
}

@book{Jurgens:2000,
author = {J{\"u}rgens, Manuela},
title = {{LaTeX: eine Einf{\"u}hrung und ein bisschen mehr}},
publisher = {FernUniversit{\"a}t Gesamthochschule in Hagen},
year = {2000}
}

@article{Kehrer:2016ey,
author = {Kehrer, Timo and Tsigkanos, Christos and Ghezzi, Carlo},
title = {{An EMOF-Compliant Abstract Syntax for Bigraphs}},
journal = {arXiv.org},
year = {2016},
eprint = {1612.01638v1},
eprinttype = {arxiv},
eprintclass = {cs.SE},
month = dec,
annote = {In Proceedings GaM 2016, arXiv:1612.01053}
}

@inproceedings{combemale2013reifying,
author = {Combemale, Beno{\^\i}t and De Antoni, Julien and Larsen, Matias Vara and Mallet, Fr{\'e}d{\'e}ric and Barais, Olivier and Baudry, Benoit and France, Robert B},
title = {{Reifying concurrency for executable metamodeling}},
booktitle = {International Conference on Software Language Engineering},
year = {2013},
pages = {365--384},
organization = {Springer}
}

@article{DelFabro:2009hq,
author = {Del Fabro, Marcos Didonet and Valduriez, Patrick},
title = {{Towards the efficient development of model transformations using model weaving and matching transformations.}},
journal = {Software and System Modeling},
year = {2009},
volume = {8},
number = {3},
pages = {305--324}
}

@article{Ergin:2016hj,
author = {Ergin, H{\"u}seyin and Syriani, Eugene and Gray, Jeff},
title = {{Design pattern oriented development of model transformations.}},
journal = {Computer Languages, Systems {\&} Structures},
year = {2016},
volume = {46},
pages = {106--139}
}

@inproceedings{Mhenni:2014hu,
author = {Mhenni, Faida and Nguyen, Nga and Choley, Jean-Yves},
title = {{Automatic fault tree generation from SysML system models}},
booktitle = {2014 IEEE/ASME International Conference on Advanced Intelligent Mechatronics (AIM)},
year = {2014},
pages = {715--720},
publisher = {IEEE}
}

@article{David:2015kz,
author = {David, Alexandre and Larsen, Kim G and Legay, Axel and Miku{\v c}ionis, Marius and Poulsen, Danny B{\o}gsted},
title = {{Uppaal SMC tutorial}},
journal = {International Journal on Software Tools for Technology Transfer},
year = {2015},
volume = {17},
number = {4},
pages = {397--415}
}

@misc{Group:2016ws,
title = {{OMG Meta Object Facility (MOF) Core Specification}},
author = {OMG},
month = oct,
year = {2016}
}

@article{Apvrille:2015wa,
author = {Apvrille, Ludovic and Roudier, Yves},
title = {{SysML-Sec Attack Graphs - Compact Representations for Complex Attacks.}},
journal = {GraMSec@CSF},
year = {2015}
}

@inproceedings{Brunner:ci,
author = {Brunner, Michael and Huber, Michael and Sauerwein, Clemens and Breu, Ruth},
title = {{Towards an Integrated Model for Safety and Security Requirements of Cyber-Physical Systems}},
booktitle = {2017 IEEE International Conference on Software Quality, Reliability and Security Companion (QRS-C)},
pages = {334--340},
publisher = {IEEE}
}

@article{Basin:2006cb,
author = {Basin, David and Doser, J{\"u}rgen and Lodderstedt, Torsten},
title = {{Model driven security: From UML models to access control infrastructures}},
journal = {ACM Transactions on Software Engineering and Methodology (TOSEM)},
year = {2006},
volume = {15},
number = {1},
pages = {39--91},
month = jan
}

@incollection{shah2010multi,
author = {Shah, Aditya A and Kerzhner, Aleksandr A and Schaefer, Dirk and Paredis, Christiaan JJ},
title = {{Multi-view modeling to support embedded systems engineering in SysML}},
booktitle = {Graph transformations and model-driven engineering},
year = {2010},
pages = {580--601},
publisher = {Springer},
address = {Berlin, Heidelberg}
}

@inproceedings{roques2016mbse,
author = {Roques, Pascal},
title = {{MBSE with the ARCADIA Method and the Capella Tool}},
booktitle = {8th European Congress on Embedded Real Time Software and Systems (ERTS 2016)},
year = {2016}
}

@article{:2016wx,
author = {Rohit Sinha and Costa, Manuel and Lal, Akash and Lopes, Nuno P and Rajamani, Sriram K and Seshia, Sanjit A and Vaswani, Kapil},
title = {{A design and verification methodology for secure isolated regions.}},
journal = {PLDI},
year = {2016}
}

@article{Yin:2017hg,
author = {Yin, Jiateng and Tang, Tao and Yang, Lixing and Xun, Jing and Huang, Yeran and Gao, Ziyou},
title = {{Research and development of automatic train operation for railway transportation systems: A survey}},
journal = {Transportation Research Part C: Emerging Technologies},
year = {2017},
volume = {85},
pages = {548--572},
month = dec
}

@article{Hehenberger:2016bm,
author = {Hehenberger, P and Vogel-Heuser, B and Bradley, D and Eynard, B and Tomiyama, T and Achiche, S},
title = {{Design, modelling, simulation and integration of cyber physical systems: Methods and applications}},
journal = {Computers in Industry},
year = {2016},
volume = {82},
pages = {273--289},
month = oct
}

@article{Larsen:15ts,
author = {Larsen, K G},
title = {{Formal Methods in CPS}},
year = {15}
}

@article{Yang:2017vi,
author = {Yang, Xulei and Zeng, Zeng and Yeo, Si Yong and Tan, Colin and Tey, Hong Liang and Su, Yi},
title = {{A Novel Multi-task Deep Learning Model for Skin Lesion Segmentation and Classification}},
journal = {arXiv.org},
year = {2017},
eprint = {1703.01025v1},
eprinttype = {arxiv},
eprintclass = {cs.CV},
month = mar,
annote = {Submission to support ISIC 2017 challenge results}
}

@article{Lee:1998jb,
author = {Lee, E A},
title = {{A framework for comparing models of computation}},
journal = {IEEE Transactions on {\ldots}},
year = {1998}
}

@article{sharedbicyle,
title = {{Are Dockless Bikes a Cybersecurity Threat?}}
}

@article{Yakymets:2015kr,
author = {Yakymets, N and Perin, M and Lanusse, A},
title = {{Model-driven multi-level safety analysis of critical systems}},
journal = {{\ldots} Conference (SysCon)},
year = {2015}
}

@proceedings{AADLArchitectureA:4ozkl6vQ,
title = {{AADL: Architecture Analysis {\&} Design Language}},
year = {2016},
month = dec
}

@phdthesis{Shao:2013ti,
author = {Shao, Zhucheng},
title = {{信息物理系统时空逻辑研究PPT}},
year = {2013},
month = may
}

@article{Jo:2017ij,
author = {Jo, Ohyun and Kim, Yong-Kyu and Kim, Juyeop},
title = {{Internet of Things for Smart Railway: Feasibility and Applications}},
journal = {IEEE Internet of Things Journal},
year = {2017},
pages = {1--1}
}

@proceedings{AModelBasedEngine:JlLHIqkz,
title = {{A Model-Based Engineering Method for System, Software and Hardware Architectural Design}},
year = {2016},
month = nov
}

@article{Gomez:2012td,
author = {Gomez, Carlos and DeAntoni, Julien and Mallet, Fr{\'e}d{\'e}ric},
title = {{Multi-view Power Modeling Based on UML, MARTE and SysML.}},
journal = {EUROMICRO-SEAA},
year = {2012}
}

@inproceedings{Mitchell:2011ho,
author = {Mitchell, Robert and Chen, Ing-Ray},
title = {{A hierarchical performance model for intrusion detection in cyber-physical systems}},
booktitle = {2011 IEEE Wireless Communications and Networking Conference (WCNC)},
year = {2011},
pages = {2095--2100},
publisher = {IEEE}
}

@book{Visser:2014bl,
author = {Visser, Eelco and Wachsmuth, Guido and Tolmach, Andrew and Neron, Pierre and Vergu, Vlad and Passalaqua, Augusto and Konat, Gabrie{\"e}l},
title = {{A One-Stop-Shop for Implementation and Verification of Language Designs}},
publisher = {ACM},
year = {2014},
address = {New York, USA},
month = oct
}

@article{Idrees:2014dv,
author = {Idrees, Muhammad Sabir and Roudier, Yves and Apvrille, Ludovic},
title = {{Model the System from Adversary Viewpoint - Threats Identification and Modeling.}},
journal = {AIDP},
year = {2014},
volume = {cs.CR},
pages = {45--58}
}

@inproceedings{zhioua2017formal,
author = {Zhioua, Zeineb and Roudier, Yves and Ameur, Rabea Boulifa},
title = {{Formal Specification and Verification of Security Guidelines}},
booktitle = {Dependable Computing (PRDC), 2017 IEEE 22nd Pacific Rim International Symposium on},
year = {2017},
pages = {267--273},
organization = {IEEE},
publisher = {IEEE}
}

@booklet{Kohm:2011,
title = {{KOMA-Script: Die Anleitung}},
author = {Kohm, Markus and {Jens-Uwe-Morawski}},
year = {2011}
}

@article{Jouault:2008bz,
author = {Jouault, Fr{\'e}d{\'e}ric and Allilaire, Freddy and B{\'e}zivin, Jean and Kurtev, Ivan},
title = {{ATL: A model transformation tool}},
journal = {Science of Computer Programming},
year = {2008},
volume = {72},
number = {1-2},
pages = {31--39},
month = jun
}

@article{DeAntoni:2012wq,
author = {DeAntoni, Julien and Mallet, Fr{\'e}d{\'e}ric},
title = {{ECL: the Event Constraint Language, an Extension of OCL with Events}},
year = {2012},
pages = {24},
month = jul
}

@techreport{brooks2008model,
author = {Brooks, Christopher and Cheng, Chihhong P and Feng, Thomas H and Lee, Edward A and Von Hanxleden, Reinhard},
title = {{Model engineering using multimodeling}},
year = {2008}
}

@phdthesis{Cardenas:2013uz,
author = {C{\'a}rdenas, Carlos Ernesto G{\'o}mez},
title = {{Modeling functional and non-functional properties of systems based on a multi-view approach}},
school = {Universit{\'e} Nice Sophia Antipolis},
year = {2013},
month = dec
}

@article{Gaskova:2010km,
author = {Gas{\textquoteright}kova, O L and Shironosova, G P and Bortnikova, S B},
title = {{Thermodynamic estimation of the stability field of bukovskyite, an iron sulfoarsenate}},
journal = {Geochemistry International},
year = {2010},
volume = {46},
number = {1},
pages = {85--91}
}

@inproceedings{mosses2001varieties,
author = {Mosses, Peter D},
title = {{The varieties of programming language semantics and their uses}},
booktitle = {International Andrei Ershov Memorial Conference on Perspectives of System Informatics},
year = {2001},
pages = {165--190},
organization = {Springer}
}

@inproceedings{brauer2007towards,
author = {Br{\"a}uer, Matthias and Lochmann, Henrik},
title = {{Towards semantic integration of multiple domain-specific languages using ontological foundations}},
booktitle = {Proceedings of 4th International Workshop on (Software) Language Engineering (ATEM 2007) co-located with MoDELS},
year = {2007}
}

@article{Anonymous:2016uj,
title = {{Deep Q-Networks for Accelerating the Training of Deep Neural Networks.}},
journal = {CoRR},
year = {2016}
}

@article{Giraldo:bp,
author = {Giraldo, J and Sarkar, E and Design, A Cardenas IEEE and {2017}},
title = {{Security and Privacy in Cyber-Physical Systems: A Survey of Surveys}},
journal = {ieeexplore.ieee.org
}
}

@article{Jossic:2007bq,
author = {Jossic, Albin and Del Fabro, Marcos Didonet and Lerat, Jean-Philippe and B{\'e}zivin, Jean and Jouault, Fr{\'e}d{\'e}ric},
title = {{Model Integration with Model Weaving - a Case Study in System Architecture.}},
journal = {ICSEM},
year = {2007},
pages = {79--84}
}

@article{Torngren:2014dd,
author = {T{\"o}rngren, Martin and Qamar, Ahsan and Biehl, Matthias and Loiret, Frederic and El-khoury, Jad},
title = {{Integrating viewpoints in the development of mechatronic products}},
journal = {Mechatronics},
year = {2014},
volume = {24},
number = {7},
pages = {745--762},
month = oct
}

@article{Dimitrov:2016ct,
author = {Dimitrov, Vladimir},
title = {{Toward Formalization of Software Security Issues}},
journal = {Proccedings of the ICAIIT2016},
year = {2016},
pages = {XVI--XXX},
month = jun
}

